@article{lartillot2023identifying,
	title={Identifying the best approximating model in Bayesian phylogenetics: Bayes factors, cross-validation or wAIC?},
	author={Lartillot, Nicolas},
	journal={Systematic Biology},
	volume={72},
	number={3},
	pages={616--638},
	year={2023},
	publisher={Oxford University Press US}
}

@book{lambert2018student,
	title={A student's guide to Bayesian statistics},
	author={Lambert, Ben},
	journal={A Student's Guide to Bayesian Statistics},
	year={2018},
	publisher={SAGE Publications Ltd},
	address={London}
}

@article{foster2017evaluating,
	title={Evaluating the impact of genomic data and priors on Bayesian estimates of the angiosperm evolutionary timescale},
	author={Foster, Charles SP and Sauquet, Herv{\'e} and Van der Merwe, Marlien and McPherson, Hannah and Rossetto, Maurizio and Ho, Simon YW},
	journal={Systematic Biology},
	volume={66},
	number={3},
	pages={338--351},
	year={2017},
	publisher={Oxford University Press}
}

@article{lopes2011confronting,
	title={Confronting prior convictions: On issues of prior sensitivity and likelihood robustness in Bayesian analysis},
	author={Lopes, Hedibert F and Tobias, Justin L},
	journal={Annu. Rev. Econ.},
	volume={3},
	number={1},
	pages={107--131},
	year={2011},
	publisher={Annual Reviews}
}

@article{sanjuan2012molecular,
	title={From molecular genetics to phylodynamics: evolutionary relevance of mutation rates across viruses},
	author={Sanju{\'a}n, Rafael},
	journal={PLoS pathogens},
	volume={8},
	number={5},
	pages={e1002685},
	year={2012},
	publisher={Public Library of Science San Francisco, USA}
}

@article{bergsten2013bayesian,
	title={Bayesian tests of topology hypotheses with an example from diving beetles},
	author={Bergsten, Johannes and Nilsson, Anders N and Ronquist, Fredrik},
	journal={Systematic biology},
	volume={62},
	number={5},
	pages={660--673},
	year={2013},
	publisher={Oxford University Press}
}

@article{schliep2011phangorn,
  title={phangorn: phylogenetic analysis in R},
  author={Schliep, Klaus Peter},
  journal={Bioinformatics},
  volume={27},
  number={4},
  pages={592--593},
  year={2011},
  publisher={Oxford University Press}
}

@article{ho2015simulating,
  title={Simulating and detecting autocorrelation of molecular evolutionary rates among lineages},
  author={Ho, Simon YW and Duch{\^e}ne, Sebasti{\'a}n and Duch{\^e}ne, David},
  journal={Molecular ecology resources},
  volume={15},
  number={4},
  pages={688--696},
  year={2015},
  publisher={Wiley Online Library}
}

@article{jukes1969evolution,
  title={Evolution of protein molecules},
  author={Jukes, Thomas H and Cantor, Charles R and others},
  journal={Mammalian protein metabolism},
  volume={3},
  number={24},
  pages={21--132},
  year={1969}
}

@article{featherstone2021infectious,
  title={Infectious disease phylodynamics with occurrence data},
  author={Featherstone, Leo A and Di Giallonardo, Francesca and Holmes, Edward C and Vaughan, Timothy G and Duch{\^e}ne, Sebasti{\'a}n},
  journal={Methods in Ecology and Evolution},
  volume={12},
  number={8},
  pages={1498--1507},
  year={2021},
  publisher={Wiley Online Library}
}

@article{volz2014sampling,
  title={Sampling through time and phylodynamic inference with coalescent and birth--death models},
  author={Volz, Erik M and Frost, Simon DW},
  journal={Journal of The Royal Society Interface},
  volume={11},
  number={101},
  pages={20140945},
  year={2014},
  publisher={The Royal Society}
}


@article{stadler2015well,
  title={How well can the exponential-growth coalescent approximate constant-rate birth--death population dynamics?},
  author={Stadler, Tanja and Vaughan, Timothy G and Gavryushkin, Alex and Guindon, Stephane and K{\"u}hnert, Denise and Leventhal, Gabriel E and Drummond, Alexei J},
  journal={Proceedings of the Royal Society B: Biological Sciences},
  volume={282},
  number={1806},
  pages={20150420},
  year={2015},
  publisher={The Royal Society}
}


@article{zhang2016total,
  title={Total-evidence dating under the fossilized birth--death process},
  author={Zhang, Chi and Stadler, Tanja and Klopfstein, Seraina and Heath, Tracy A and Ronquist, Fredrik},
  journal={Systematic biology},
  volume={65},
  number={2},
  pages={228--249},
  year={2016},
  publisher={Oxford University Press}
}

@article{porter2022new,
  title={New rules for genomics-informed COVID-19 responses--lessons learned from the first waves of the omicron variant in Australia},
  author={Porter, Ashleigh F and Sherry, Norelle and Andersson, Patiyan and Johnson, Sandra A and Duchene, Sebastian and Howden, Benjamin P},
  journal={PLoS Genetics},
  volume={18},
  number={10},
  pages={e1010415},
  year={2022},
  publisher={Public Library of Science San Francisco, CA USA}
}

@misc{bouckaertDating,
    title = {Tree priors and dating},
    url = {beast2.blogs.auckland.ac.nz/tree-priors-and-dating/},
    author = {Bouckaert, Remco R},
    year = {2021},
    note = {Accessed on May 31, 2024}
}

@article{bouckaert2010densitree,
  title={DensiTree: making sense of sets of phylogenetic trees},
  author={Bouckaert, Remco R},
  journal={Bioinformatics},
  volume={26},
  number={10},
  pages={1372--1373},
  year={2010},
  publisher={Oxford University Press}
}

@article{nascimento2017biologist,
	title={A biologistâ€™s guide to Bayesian phylogenetic analysis},
	author={Nascimento, Fabr{\'\i}cia F and Reis, Mario dos and Yang, Ziheng},
	journal={Nature ecology \& evolution},
	volume={1},
	number={10},
	pages={1446--1454},
	year={2017},
	publisher={Nature Publishing Group UK London}
}

@article{wesner2021choosing,
	title={Choosing priors in Bayesian ecological models by simulating from the prior predictive distribution},
	author={Wesner, Jeff S and Pomeranz, Justin PF},
	journal={Ecosphere},
	volume={12},
	number={9},
	pages={e03739},
	year={2021},
	publisher={Wiley Online Library}
}

@article{rosenberg2002genealogical,
	title={Genealogical trees, coalescent theory and the analysis of genetic polymorphisms},
	author={Rosenberg, Noah A and Nordborg, Magnus},
	journal={Nature Reviews Genetics},
	volume={3},
	number={5},
	pages={380--390},
	year={2002},
	publisher={Nature Publishing Group UK London}
}

@article{ho2011skyline,
	title={Skyline-plot methods for estimating demographic history from nucleotide sequences},
	author={Ho, Simon YW and Shapiro, Beth},
	journal={Molecular ecology resources},
	volume={11},
	number={3},
	pages={423--434},
	year={2011},
	publisher={Wiley Online Library}
}

@article{duchene2016genome,
	title={Genome-scale rates of evolutionary change in bacteria},
	author={Duch{\^e}ne, Sebastian and Holt, Kathryn E and Weill, Fran{\c{c}}ois-Xavier and Le Hello, Simon and Hawkey, Jane and Edwards, David J and Fourment, Mathieu and Holmes, Edward C},
	journal={Microbial genomics},
	volume={2},
	number={11},
	pages={e000094},
	year={2016},
	publisher={Microbiology Society}
}

@article{tay2023detecting,
  title={Detecting episodic evolution through Bayesian inference of molecular clock models},
  author={Tay, John H and Baele, Guy and Duchene, Sebastian},
  journal={Molecular Biology and Evolution},
  volume={40},
  number={10},
  pages={msad212},
  year={2023},
  publisher={Oxford University Press US}
}

@article{majander2020ancient,
  title={Ancient bacterial genomes reveal a high diversity of Treponema pallidum strains in early modern Europe},
  author={Majander, Kerttu and Pfrengle, Saskia and Kocher, Arthur and Neukamm, Judith and Du Plessis, Louis and Pla-D{\'\i}az, Marta and Arora, Natasha and Akg{\"u}l, G{\"u}lfirde and Salo, Kati and Schats, Rachel and others},
  journal={Current Biology},
  volume={30},
  number={19},
  pages={3788--3803},
  year={2020},
  publisher={Elsevier}
}

@article{vogels2023phylogeographic,
  title={Phylogeographic reconstruction of the emergence and spread of Powassan virus in the northeastern United States},
  author={Vogels, Chantal BF and Brackney, Doug E and Dupuis, Alan P and Robich, Rebecca M and Fauver, Joseph R and Brito, Anderson F and Williams, Scott C and Anderson, John F and Lubelczyk, Charles B and Lange, Rachel E and others},
  journal={Proceedings of the National Academy of Sciences},
  volume={120},
  number={16},
  pages={e2218012120},
  year={2023},
  publisher={National Acad Sciences}
}

@article{devault2014second,
  title={Second-pandemic strain of Vibrio cholerae from the Philadelphia cholera outbreak of 1849},
  author={Devault, Alison M and Golding, G Brian and Waglechner, Nicholas and Enk, Jacob M and Kuch, Melanie and Tien, Joseph H and Shi, Mang and Fisman, David N and Dhody, Anna N and Forrest, Stephen and others},
  journal={New England Journal of Medicine},
  volume={370},
  number={4},  
  pages={334--340},
  year={2014},
  publisher={Mass Medical Soc}
}

@article{ho2011skyline,
  title={Skyline-plot methods for estimating demographic history from nucleotide sequences},
  author={Ho, Simon YW and Shapiro, Beth},
  journal={Molecular ecology resources},
  volume={11},
  number={3},
  pages={423--434},
  year={2011},
  publisher={Wiley Online Library}
}

@misc{gelman2014bayesian,
  title={Bayesian data analysis},
  author={Gelman, Andrew and Carlin, John B and Stern, Hal S and Rubin, Donald B},
  year={2014},
  publisher={Taylor \& Francis Boca Raton}
}

@article{gelman1995avoiding,
  title={Avoiding model selection in Bayesian social research},
  author={Gelman, Andrew and Rubin, Donald B},
  journal={Sociological methodology},
  volume={25},
  pages={165--173},
  year={1995},
  publisher={JSTOR}
}

@article{wang2014priors,
  title={Priors in Bayesian phylogenetics},
  author={Wang, Ying and Yang, Ziheng},
  journal={Bayesian phylogenetics: methods, algorithms, and applications},
  pages={5--24},
  year={2014},
  publisher={CRC Press Boca Raton, FL}
}

@article{bouckaert2019beast,
  title={BEAST 2.5: An advanced software platform for Bayesian evolutionary analysis},
  author={Bouckaert, Remco and Vaughan, Timothy G and Barido-Sottani, Jo{\"e}lle and Duch{\^e}ne, Sebasti{\'a}n and Fourment, Mathieu and Gavryushkina, Alexandra and Heled, Joseph and Jones, Graham and K{\"u}hnert, Denise and De Maio, Nicola and others},
  journal={PLoS computational biology},
  volume={15},
  number={4},
  pages={e1006650},
  year={2019},
  publisher={Public Library of Science San Francisco, CA USA}
}

@article{drummond2002estimating,
  title={Estimating mutation parameters, population history and genealogy simultaneously from temporally spaced sequence data},
  author={Drummond, Alexei J and Nicholls, Geoff K and Rodrigo, Allen G and Solomon, Wiremu},
  journal={Genetics},
  volume={161},
  number={3},
  pages={1307--1320},
  year={2002},
  publisher={Oxford University Press}
}

@article{jeffreys1946invariant,
  title={An invariant form for the prior probability in estimation problems},
  author={Jeffreys, Harold},
  journal={Proceedings of the Royal Society of London. Series A. Mathematical and Physical Sciences},
  volume={186},
  number={1007},
  pages={453--461},
  year={1946},
  publisher={The Royal Society London}
}

@article{r2019marginal,
  title={Marginal likelihoods in phylogenetics: a review of methods and applications},
  author={R Oaks, Jamie and A Cobb, Kerry and N Minin, Vladimir and D Leach{\'e}, Adam},
  journal={Systematic Biology},
  volume={68},
  number={5},
  pages={681--697},
  year={2019},
  publisher={Oxford University Press}
}

@article{molak2015empirical,
  title={Empirical calibrated radiocarbon sampler: a tool for incorporating radiocarbon-date and calibration error into B ayesian phylogenetic analyses of ancient DNA},
  author={Molak, Martyna and Suchard, Marc A and Ho, Simon YW and Beilman, David W and Shapiro, Beth},
  journal={Molecular ecology resources},
  volume={15},
  number={1},
  pages={81--86},
  year={2015},
  publisher={Wiley Online Library}
}

@article{duchene2020bayesian,
  title={Bayesian evaluation of temporal signal in measurably evolving populations},
  author={Duchene, Sebastian and Lemey, Philippe and Stadler, Tanja and Ho, Simon YW and Duchene, David A and Dhanasekaran, Vijaykrishna and Baele, Guy},
  journal={Molecular Biology and Evolution},
  volume={37},
  number={11},
  pages={3363--3379},
  year={2020},
  publisher={Oxford University Press}
}

@article{duchene2015performance,
  title={The performance of the date-randomization test in phylogenetic analyses of time-structured virus data},
  author={Duch{\^e}ne, Sebasti{\'a}n and Duch{\^e}ne, David and Holmes, Edward C and Ho, Simon YW},
  journal={Molecular Biology and Evolution},
  volume={32},
  number={7},
  pages={1895--1906},
  year={2015},
  publisher={Society for Molecular Biology and Evolution}
}

@article{ramsden2009hantavirus,
  title={Hantavirus evolution in relation to its rodent and insectivore hosts: no evidence for codivergence},
  author={Ramsden, Cadhla and Holmes, Edward C and Charleston, Michael A},
  journal={Molecular biology and evolution},
  volume={26},
  number={1},
  pages={143--153},
  year={2009},
  publisher={Oxford University Press}
}

@article{rieux2016inferences,
  title={Inferences from tip-calibrated phylogenies: a review and a practical guide},
  author={Rieux, Adrien and Balloux, Fran{\c{c}}ois},
  journal={Molecular ecology},
  volume={25},
  number={9},
  pages={1911--1924},
  year={2016},
  publisher={Wiley Online Library}
}

@article{volz2017scalable,
  title={Scalable relaxed clock phylogenetic dating},
  author={Volz, EM and Frost, Simon DW},
  journal={Virus evolution},
  volume={3},
  number={2},
  pages={vex025},
  year={2017},
  publisher={Oxford University Press}
}

@article{featherstone2023clockor2,
  title={Clockor2: Inferring global and local strict molecular clocks using root-to-tip regression},
  author={Featherstone, Leo A and Rambaut, Andrew and Duchene, Sebastian and Wirth, Wytamma},
  journal={BioRxiv},
  pages={2023--07},
  year={2023},
  publisher={Cold Spring Harbor Laboratory}
}

@article{rambaut2016exploring,
  title={Exploring the temporal structure of heterochronous sequences using TempEst (formerly Path-O-Gen)},
  author={Rambaut, Andrew and Lam, Tommy T and Max Carvalho, Luiz and Pybus, Oliver G},
  journal={Virus evolution},
  volume={2},
  number={1},
  pages={vew007},
  year={2016},
  publisher={Oxford University Press}
}

@article{ho2020dating,
  title={Dating the emergence of human pathogens},
  author={Ho, Simon YW and Duch{\^e}ne, Sebasti{\'a}n},
  journal={Science},
  volume={368},
  number={6497},
  pages={1310--1311},
  year={2020},
  publisher={American Association for the Advancement of Science}
}

@article{menardo2019molecular,
  title={The molecular clock of Mycobacterium tuberculosis},
  author={Menardo, Fabrizio and Duch{\^e}ne, Sebastian and Brites, Daniela and Gagneux, Sebastien},
  journal={PLoS pathogens},
  volume={15},
  number={9},
  pages={e1008067},
  year={2019},
  publisher={Public Library of Science San Francisco, CA USA}
}

@article{duchene2020recovery,
  title={The recovery, interpretation and use of ancient pathogen genomes},
  author={Duch{\^e}ne, Sebasti{\'a}n and Ho, Simon YW and Carmichael, Ann G and Holmes, Edward C and Poinar, Hendrik},
  journal={Current Biology},
  volume={30},
  number={19},
  pages={R1215--R1231},
  year={2020},
  publisher={Elsevier}
}

@article{spyrou2019ancient,
  title={Ancient pathogen genomics as an emerging tool for infectious disease research},
  author={Spyrou, Maria A and Bos, Kirsten I and Herbig, Alexander and Krause, Johannes},
  journal={Nature Reviews Genetics},
  volume={20},
  number={6},
  pages={323--340},
  year={2019},
  publisher={Nature Publishing Group UK London}
}

@article{biek2015measurably,
  title={Measurably evolving pathogens in the genomic era},
  author={Biek, Roman and Pybus, Oliver G and Lloyd-Smith, James O and Didelot, Xavier},
  journal={Trends in ecology \& evolution},
  volume={30},
  number={6},
  pages={306--313},
  year={2015},
  publisher={Elsevier}
}

@article{korber2000timing,
  title={Timing the ancestor of the HIV-1 pandemic strains},
  author={Korber, Bette and Muldoon, Mark and Theiler, James and Gao, Feng and Gupta, Radhika and Lapedes, Alan and Hahn, Beatrice H and Wolinsky, Steven and Bhattacharya, Tanmoy},
  journal={science},
  volume={288},
  number={5472},
  pages={1789--1796},
  year={2000},
  publisher={American Association for the Advancement of Science}
}

@article{rodrigo1999coalescent,
  title={Coalescent approaches to HIV population genetics},
  author={Rodrigo, Allen G and Felsenstein, Joseph},
  journal={The evolution of HIV},
  pages={233--272},
  year={1999},
  publisher={Johns Hopkins University Press Baltimore}
}

@article{drummond2003measurably,
  title={Measurably evolving populations},
  author={Drummond, Alexei J and Pybus, Oliver G and Rambaut, Andrew and Forsberg, Roald and Rodrigo, Allen G},
  journal={Trends in ecology \& evolution},
  volume={18},
  number={9},
  pages={481--488},
  year={2003},
  publisher={Elsevier}
}

@article{dos2013unbearable,
  title={The unbearable uncertainty of Bayesian divergence time estimation},
  author={Dos Reis, Mario and Yang, Ziheng},
  journal={Journal of Systematics and Evolution},
  volume={51},
  number={1},
  pages={30--43},
  year={2013},
  publisher={Wiley Online Library}
}

@article{yang2006bayesian,
  title={Bayesian estimation of species divergence times under a molecular clock using multiple fossil calibrations with soft bounds},
  author={Yang, Ziheng and Rannala, Bruce},
  journal={Molecular biology and evolution},
  volume={23},
  number={1},
  pages={212--226},
  year={2006},
  publisher={Oxford University Press}
}

@book{van2017introduction,
	title={An introduction to mathematical statistics},
	author={van der Vaart, Aad and Jonker, Marianne and Bijma, Fetsje},
	year={2017},
	publisher={Amsterdam University Press}
}

@article{yang2000estimating,
	title={Estimating synonymous and nonsynonymous substitution rates under realistic evolutionary models},
	author={Yang, Ziheng and Nielsen, Rasmus},
	journal={Molecular biology and evolution},
	volume={17},
	number={1},
	pages={32--43},
	year={2000},
	publisher={Oxford University Press}
}

@article{rannala2007inferring,
	title={Inferring speciation times under an episodic molecular clock},
	author={Rannala, Bruce and Yang, Ziheng},
	journal={Systematic biology},
	volume={56},
	number={3},
	pages={453--466},
	year={2007},
	publisher={Oxford University Press}
}

@article{guindon2020rates,
	title={Rates and rocks: strengths and weaknesses of molecular dating methods},
	author={Guindon, St{\'e}phane},
	journal={Frontiers in Genetics},
	volume={11},
	pages={526},
	year={2020},
	publisher={Frontiers Media SA}
}

@article{lartillot2022identifying,
	title={Identifying the best approximating model in Bayesian phylogenetics: Bayes factors, cross-validation or wAIC?},
	author={Lartillot, Nicolas},
	journal={Systematic Biology},
	pages={syad004},
	year={2023}
}

@article{keysers2020using,
	title={Using {B}ayes factor hypothesis testing in neuroscience to establish evidence of absence},
	author={Keysers, Christian and Gazzola, Valeria and Wagenmakers, Eric-Jan},
	journal={Nature Neuroscience},
	volume={23},
	number={7},
	pages={788--799},
	year={2020},
	publisher={Nature Publishing Group US New York}
}


@article{neher2022contributions,
	title={Contributions of adaptation and purifying selection to {SARS-CoV-2} evolution},
	author={Neher, Richard A},
	journal={Virus Evolution},
	volume={8},
	number={2},
	pages={veac113},
	year={2022},
	publisher={Oxford University Press UK}
}

@article{moore2016critically,
	title={Critically evaluating the theory and performance of {B}ayesian analysis of macroevolutionary mixtures},
	author={Moore, Brian R and H{\"o}hna, Sebastian and May, Michael R and Rannala, Bruce and Huelsenbeck, John P},
	journal={Proceedings of the National Academy of Sciences},
	volume={113},
	number={34},
	pages={9569--9574},
	year={2016},
	publisher={National Acad Sciences}
}

@article{gao2023prioritree,
	title={{PrioriTree}: a utility for improving phylodynamic analyses in {BEAST}},
	author={Gao, Jiansi and May, Michael R and Rannala, Bruce and Moore, Brian R},
	journal={Bioinformatics},
	volume={39},
	number={1},
	pages={btac849},
	year={2023},
	publisher={Oxford University Press}
}

@article{didelot2021additive,
	title={Additive uncorrelated relaxed clock models for the dating of genomic epidemiology phylogenies},
	author={Didelot, Xavier and Siveroni, Igor and Volz, Erik M},
	journal={Molecular Biology and Evolution},
	volume={38},
	number={1},
	pages={307--317},
	year={2021},
	publisher={Oxford University Press}
}

@article{hohna2016revbayes,
	title={{RevBayes}: {B}ayesian phylogenetic inference using graphical models and an interactive model-specification language},
	author={H{\"o}hna, Sebastian and Landis, Michael J and Heath, Tracy A and Boussau, Bastien and Lartillot, Nicolas and Moore, Brian R and Huelsenbeck, John P and Ronquist, Fredrik},
	journal={Systematic Biology},
	volume={65},
	number={4},
	pages={726--736},
	year={2016},
	publisher={Oxford University Press}
}

@article{heath2012dirichlet,
	title={A {D}irichlet process prior for estimating lineage-specific substitution rates},
	author={Heath, Tracy A and Holder, Mark T and Huelsenbeck, John P},
	journal={Molecular Biology and Evolution},
	volume={29},
	number={3},
	pages={939--955},
	year={2012},
	publisher={Oxford University Press}
}
@article{douglas2021adaptive,
	title={Adaptive dating and fast proposals: Revisiting the phylogenetic relaxed clock model},
	author={Douglas, Jordan and Zhang, Rong and Bouckaert, Remco},
	journal={PLoS Computational Biology},
	volume={17},
	number={2},
	pages={e1008322},
	year={2021},
	publisher={Public Library of Science San Francisco, CA USA}
}

@article{mbala2019medical,
	title={Medical countermeasures during the 2018 {E}bola virus disease outbreak in the {N}orth {K}ivu and {I}turi provinces of the {D}emocratic {R}epublic of the {C}ongo: a rapid genomic assessment},
	author={Mbala-Kingebeni, Placide and Aziza, Amuri and Di Paola, Nicholas and Wiley, Michael R and Makiala-Mandanda, Sheila and Caviness, Katie and Pratt, Catherine B and Ladner, Jason T and Kugelman, Jeffrey R and Prieto, Karla and others},
	journal={The Lancet Infectious Diseases},
	volume={19},
	number={6},
	pages={648--657},
	year={2019},
	publisher={Elsevier}
}

@article{hill2022origins,
  title={The origins and molecular evolution of {SARS-CoV-2} lineage {B}.1.1.7 in the {UK}},
  author={Hill, Verity and Du Plessis, Louis and Peacock, Thomas P and Aggarwal, Dinesh and Colquhoun, Rachel and Carabelli, Alesandro M and Ellaby, Nicholas and Gallagher, Eileen and Groves, Natalie and Jackson, Ben and others},
  journal={Virus Evolution},
  year={2022},
  volume={8},
  number={2},
  pages={veac080}
}

@article{lythgoe2022lineage,
  title={Lineage replacement and evolution captured by the {U}nited {K}ingdom {C}ovid {I}nfection {S}urvey},
  author={Lythgoe, Katrina A and Golubchik, Tanya and Hall, Matthew and House, Thomas and MacIntyre-Cockett, George and Fryer, Helen and Thomson, Laura and Nurtay, Anel and Buck, David and Green, Angie and others},
  journal={MedRxiv},
  year={2022},
  publisher={Cold Spring Harbor Laboratory Press}
}

@article{wirth2022real,
  title={Real-time and remote {MCMC} trace inspection with {B}eastiary},
  author={Wirth, Wytamma and Duchene, Sebastian},
  journal={Molecular Biology and Evolution},
  volume={39},
  number={5},
  pages={msac095},
  year={2022},
  publisher={Oxford University Press}
}

@article{rambaut1997seq,
  title={{Seq-Gen}: an application for the {M}onte {C}arlo simulation of {DNA} sequence evolution along phylogenetic trees},
  author={Rambaut, Andrew and Grass, Nicholas C},
  journal={Bioinformatics},
  volume={13},
  number={3},
  pages={235--238},
  year={1997},
  publisher={Oxford University Press}
}

@article{boni2020evolutionary,
  title={Evolutionary origins of the {SARS-CoV-2} sarbecovirus lineage responsible for the {COVID}-19 pandemic},
  author={Boni, Maciej F and Lemey, Philippe and Jiang, Xiaowei and Lam, Tommy Tsan-Yuk and Perry, Blair W and Castoe, Todd A and Rambaut, Andrew and Robertson, David L},
  journal={Nature Microbiology},
  volume={5},
  number={11},
  pages={1408--1417},
  year={2020},
  publisher={Nature Publishing Group}
}

@misc{de2020issues,
  title={Issues with {SARS-CoV-2} sequencing data},
  author={De Maio, Nicola and Walker, Conor and Borges, Rui and Weilguny, Lukas and Slodkowicz, Greg and Goldman, Nick},
  url={https://virological.org/t/issues-with-sars-cov-2-sequencing-data/473},
  year={2020}
}

@software{wirth2022Gisaidr,
    title={{GISAIDR}},
    author={Wirth, Wytamma and Duchene, Sebastian},
    year={2022},
    url={https://doi.org/10.5281/zenodo.6474693}
}

@article{morey2016philosophy,
  title={The philosophy of {B}ayes factors and the quantification of statistical evidence},
  author={Morey, Richard D and Romeijn, Jan-Willem and Rouder, Jeffrey N},
  journal={Journal of Mathematical Psychology},
  volume={72},
  pages={6--18},
  year={2016},
  publisher={Elsevier}
}

@article{porter2023evolutionary,
  title={Evolutionary rate of {SARS-CoV-2} increases during zoonotic infection of farmed mink},
  author={Porter, Ashleigh F and Purcell, Damian FJ and Howden, Benjamin P and Duchene, Sebastian},
  journal={Virus Evolution},
  year={2023}
}

@article{gillespie1984molecular,
  title={The molecular clock may be an episodic clock},
  author={Gillespie, John H},
  journal={Proceedings of the National Academy of Sciences},
  volume={81},
  number={24},
  pages={8009--8013},
  year={1984},
  publisher={National Acad Sciences}
}

@article{eaton2021plagued,
  title={Plagued by a cryptic clock: Insight and issues from the global phylogeny of {Y}ersinia pestis},
  author={Eaton, Katherine and Featherstone, Leo and Duchene, Sebastian and Carmichael, Ann and Varl{\i}k, N{\"u}khet and Golding, Brian and Holmes, Edward and Poinar, Hendrik},
  year={2022}, 
  journal={Communications Biology},
  volume={6},
  pages={23}
  
}

@article{tay2022emergence,
  title={The emergence of {SARS-CoV-2} variants of concern is driven by acceleration of the substitution rate},
  author={Tay, John H and Porter, Ashleigh F and Wirth, Wytamma and Duchene, Sebastian},
  journal={Molecular Biology and Evolution},
  volume={39},
  number={2},
  pages={msac013},
  year={2022},
  publisher={Oxford University Press}
}

@article{xue2018within,
  title={Within-host evolution of human influenza virus},
  author={Xue, Katherine S and Moncla, Louise H and Bedford, Trevor and Bloom, Jesse D},
  journal={Trends in Microbiology},
  volume={26},
  number={9},
  pages={781--793},
  year={2018},
  publisher={Elsevier}
}

@article{bromham2009species,
  title={Why do species vary in their rate of molecular evolution?},
  author={Bromham, Lindell},
  journal={Biology Letters},
  volume={5},
  number={3},
  pages={401--404},
  year={2009},
  publisher={The Royal Society London}
}

@article{huelsenbeck2000compound,
  title={A compound {P}oisson process for relaxing the molecular clock},
  author={Huelsenbeck, John P and Larget, Bret and Swofford, David},
  journal={Genetics},
  volume={154},
  number={4},
  pages={1879--1892},
  year={2000},
  publisher={Oxford University Press}
}

@article{graf2021identification,
  title={Identification of a novel {SARS-CoV-2} {P}.1 sub-lineage in {B}razil provides new insights about the mechanisms of emergence of variants of concern},
  author={Gr{\"a}f, Tiago and Bello, Gonzalo and Venas, Taina Moreira Martins and Pereira, Elisa Cavalcante and Paix{\~a}o, Anna Carolina Dias and Appolinario, Luciana Reis and Lopes, Renata Serrano and Mendon{\c{c}}a, Ana Carolina Da Fonseca and da Rocha, Alice Sampaio Barreto and Motta, Fernando Couto and others},
  journal={Virus Evolution},
  volume={7},
  number={2},
  pages={veab091},
  year={2021},
  publisher={Oxford University Press UK}
}


@article{volz2021evaluating,
	title={Evaluating the effects of {SARS-CoV-2} spike mutation {D614G} on transmissibility and pathogenicity},
	author={Volz, Erik and Hill, Verity and McCrone, John T and Price, Anna and Jorgensen, David and Oâ€™Toole, {\'A}ine and Southgate, Joel and Johnson, Robert and Jackson, Ben and Nascimento, Fabricia F and others},
	journal={Cell},
	volume={184},
	number={1},
	pages={64--75},
	year={2021},
	publisher={Elsevier}
}
@article{dellicour2021phylodynamic,
	title={A phylodynamic workflow to rapidly gain insights into the dispersal history and dynamics of {SARS-CoV-2} lineages},
	author={Dellicour, Simon and Durkin, Keith and Hong, Samuel L and Vanmechelen, Bert and Mart{\'\i}-Carreras, Joan and Gill, Mandev S and Meex, C{\'e}cile and Bontems, S{\'e}bastien and Andr{\'e}, Emmanuel and Gilbert, Marius and others},
	journal={Molecular Biology and Evolution},
	volume={38},
	number={4},
	pages={1608--1613},
	year={2021},
	publisher={Oxford University Press}
}
@article{pekar2021timing,
	title={Timing the {SARS-CoV-2 index} case in {H}ubei province},
	author={Pekar, Jonathan and Worobey, Michael and Moshiri, Niema and Scheffler, Konrad and Wertheim, Joel O},
	journal={Science},
	volume={372},
	number={6540},
	pages={412--417},
	year={2021},
	publisher={American Association for the Advancement of Science}
}


@article{kraemer2021spatiotemporal,
	title={Spatiotemporal invasion dynamics of {SARS-CoV-2} lineage {B}.1.1.7 emergence},
	author={Kraemer, Moritz UG and Hill, Verity and Ruis, Christopher and Dellicour, Simon and Bajaj, Sumali and McCrone, John T and Baele, Guy and Parag, Kris V and Battle, Anya Lindstr{\"o}m and Gutierrez, Bernardo and others},
	journal={Science},
	volume={373},
	number={6557},
	pages={889--895},
	year={2021},
	publisher={American Association for the Advancement of Science}
}


@article{dearlove2020sars,
	title={A SARS-CoV-2 vaccine candidate would likely match all currently circulating variants},
	author={Dearlove, Bethany and Lewitus, Eric and Bai, Hongjun and Li, Yifan and Reeves, Daniel B and Joyce, M Gordon and Scott, Paul T and Amare, Mihret F and Vasan, Sandhya and Michael, Nelson L and others},
	journal={Proceedings of the National Academy of Sciences},
	volume={117},
	number={38},
	pages={23652--23662},
	year={2020},
	publisher={National Acad Sciences}
}

@article{ghafari2021purifying,
	title={Purifying selection determines the short-term time dependency of evolutionary rates in {SARS-CoV-2} and {pH1N1} influenza},
	author={Ghafari, Mahan and du Plessis, Louis and Raghwani, Jayna and Bhatt, Samir and Xu, Bo and Pybus, Oliver and Katzourakis, Aris},
	journal={medRxiv},
	year={2021},
	publisher={Cold Spring Harbor Laboratory Press}
}

@article{aiewsakun2016time,
	title={Time-dependent rate phenomenon in viruses},
	author={Aiewsakun, Pakorn and Katzourakis, Aris},
	journal={Journal of Virology},
	volume={90},
	number={16},
	pages={7184--7195},
	year={2016},
	publisher={Am Soc Microbiol}
}

@article{duchene2014analyses,
	title={Analyses of evolutionary dynamics in viruses are hindered by a time-dependent bias in rate estimates},
	author={Duch{\^e}ne, Sebasti{\'a}n and Holmes, Edward C and Ho, Simon YW},
	journal={Proceedings of the Royal Society B: Biological Sciences},
	volume={281},
	number={1786},
	pages={20140732},
	year={2014},
	publisher={The Royal Society}
}

@article{drummond2010bayesian,
  title={Bayesian random local clocks, or one rate to rule them all},
  author={Drummond, Alexei J and Suchard, Marc A},
  journal={BMC Biology},
  volume={8},
  number={1},
  pages={1--12},
  year={2010},
  publisher={BioMed Central}
}
@article{yoder2000estimation,
	title={Estimation of primate speciation dates using local molecular clocks},
	author={Yoder, Anne D and Yang, Ziheng},
	journal={Molecular Biology and Evolution},
	volume={17},
	number={7},
	pages={1081--1090},
	year={2000},
	publisher={Oxford University Press}
}
@article{fourment2018local,
	title={Local and relaxed clocks: the best of both worlds},
	author={Fourment, Mathieu and Darling, Aaron E},
	journal={PeerJ},
	volume={6},
	pages={e5140},
	year={2018},
	publisher={PeerJ Inc.}
}
@article{volz2009phylodynamics,
	title={Phylodynamics of infectious disease epidemics},
	author={Volz, Erik M and Kosakovsky Pond, Sergei L and Ward, Melissa J and Leigh Brown, Andrew J and Frost, Simon DW},
	journal={Genetics},
	volume={183},
	number={4},
	pages={1421--1430},
	year={2009},
	publisher={Oxford University Press}
}
@article{volz2013viral,
	title={Viral phylodynamics},
	author={Volz, Erik M and Koelle, Katia and Bedford, Trevor},
	journal={PLoS Computational Biology},
	volume={9},
	number={3},
	pages={e1002947},
	year={2013},
	publisher={Public Library of Science San Francisco, USA}
}
@article{boskova2014inference,
	title={Inference of epidemiological dynamics based on simulated phylogenies using birth-death and coalescent models},
	author={Boskova, Veronika and Bonhoeffer, Sebastian and Stadler, Tanja},
	journal={PLoS Computational Biology},
	volume={10},
	number={11},
	pages={e1003913},
	year={2014},
	publisher={Public Library of Science San Francisco, USA}
}

@article{ferreira2008bayesian,
	title={Bayesian analysis of elapsed times in continuous-time {M}arkov chains},
	author={Ferreira, Marco AR and Suchard, Marc A},
	journal={Canadian Journal of Statistics},
	volume={36},
	number={3},
	pages={355--368},
	year={2008},
	publisher={Wiley Online Library}
}
@article{baele2016genealogical,
	title={Genealogical working distributions for {B}ayesian model testing with phylogenetic uncertainty},
	author={Baele, Guy and Lemey, Philippe and Suchard, Marc A},
	journal={Systematic Biology},
	volume={65},
	number={2},
	pages={250--264},
	year={2016},
	publisher={Oxford University Press}
}
@article{fan2011choosing,
	title={Choosing among partition models in {B}ayesian phylogenetics},
	author={Fan, Yu and Wu, Rui and Chen, Ming-Hui and Kuo, Lynn and Lewis, Paul O},
	journal={Molecular Biology and Evolution},
	volume={28},
	number={1},
	pages={523--532},
	year={2011},
	publisher={Oxford University Press}
}
@article{fourment202019,
	title={19 Dubious ways to compute the marginal likelihood of a phylogenetic tree topology},
	author={Fourment, Mathieu and Magee, Andrew F and Whidden, Chris and Bilge, Arman and Matsen IV, Frederick A and Minin, Vladimir N},
	journal={Systematic Biology},
	volume={69},
	number={2},
	pages={209--220},
	year={2020},
	publisher={Oxford University Press}
}
@article{sinsheimer1996bayesian,
	title={Bayesian hypothesis testing of four-taxon topologies using molecular sequence data},
	author={Sinsheimer, Janet S and Lake, James A and Little, Roderick JA},
	journal={Biometrics},
	pages={193--210},
	year={1996},
	publisher={JSTOR}
}
@article{kass1995bayes,
	title={Bayes factors},
	author={Kass, Robert E and Raftery, Adrian E},
	journal={Journal of the American Statistical Association},
	volume={90},
	number={430},
	pages={773--795},
	year={1995},
	publisher={Taylor \& Francis}
}
@article{worobey2014synchronized,
	title={A synchronized global sweep of the internal genes of modern avian influenza virus},
	author={Worobey, Michael and Han, Guan-Zhu and Rambaut, Andrew},
	journal={Nature},
	volume={508},
	number={7495},
	pages={254--257},
	year={2014},
	publisher={Nature Publishing Group}
}
@article{fisher2021shrinkage,
	title={Shrinkage-based random local clocks with scalable inference},
	author={Fisher, Alexander A and Ji, Xiang and Nishimura, Akihiko and Lemey, Philippe and Suchard, Marc A},
	journal={arXiv preprint arXiv:2105.07119},
	year={2021}
}
@article{drummond2006relaxed,
	title={Relaxed phylogenetics and dating with confidence},
	author={Drummond, Alexei J and Ho, Simon Y W and Phillips, Matthew J and Rambaut, Andrew},
	journal={PLoS Biology},
	volume={4},
	number={5},
	pages={e88},
	year={2006},
	publisher={Public Library of Science San Francisco, USA}
}
@article{zuckerkandl1962molecular,
	title={Molecular disease, evolution, and genetic heterogeneity},
	author={Zuckerkandl, Emile},
	journal={Horizons in biochemistry},
	pages={189--225},
	year={1962},
	publisher={Academic Press}
}
@incollection{zuckerkandl1965evolutionary,
	title={Evolutionary divergence and convergence in proteins},
	author={Zuckerkandl, Emile and Pauling, Linus},
	booktitle={Evolving genes and proteins},
	pages={97--166},
	year={1965},
	publisher={Elsevier}
}
@article{suchard2018bayesian,
	title={Bayesian phylogenetic and phylodynamic data integration using {BEAST} 1.10},
	author={Suchard, Marc A and Lemey, Philippe and Baele, Guy and Ayres, Daniel L and Drummond, Alexei J and Rambaut, Andrew},
	journal={Virus Evolution},
	volume={4},
	number={1},
	pages={vey016},
	year={2018},
	publisher={Oxford University Press}
}
@article{bromham2018bayesian,
	title={Bayesian molecular dating: opening up the black box},
	author={Bromham, Lindell and Duch{\^e}ne, Sebasti{\'a}n and Hua, Xia and Ritchie, Andrew M and Duch{\^e}ne, David A and Ho, Simon YW},
	journal={Biological Reviews},
	volume={93},
	number={2},
	pages={1165--1191},
	year={2018},
	publisher={Wiley Online Library}
}
@article{ho2014molecular,
	title={Molecular-clock methods for estimating evolutionary rates and timescales},
	author={Ho, Simon YW and Duch{\^e}ne, Sebasti{\'a}n},
	journal={Molecular Ecology},
	volume={23},
	number={24},
	pages={5947--5965},
	year={2014},
	publisher={Wiley Online Library}
}
@article{davies2021estimated,
	title={Estimated transmissibility and impact of {SARS-CoV-2} lineage {B}.1.1.7 in {E}ngland},
	author={Davies, Nicholas G and Abbott, Sam and Barnard, Rosanna C and Jarvis, Christopher I and Kucharski, Adam J and Munday, James D and Pearson, Carl AB and Russell, Timothy W and Tully, Damien C and Washburne, Alex D and others},
	journal={Science},
	volume={372},
	number={6538},
	year={2021},
	publisher={American Association for the Advancement of Science}
}
@article{kemp2021sars,
	title={{SARS-CoV-2} evolution during treatment of chronic infection},
	author={Kemp, Steven A and Collier, Dami A and Datir, Rawlings P and Ferreira, Isabella ATM and Gayed, Salma and Jahun, Aminu and Hosmillo, Myra and Rees-Spear, Chloe and Mlcochova, Petra and Lumb, Ines Ushiro and others},
	journal={Nature},
	volume={592},
	number={7853},
	pages={277--282},
	year={2021},
	publisher={Nature Publishing Group}
}
@article{abdool2021new,
	title={New {SARS-CoV-2} variantsâ€”clinical, public health, and vaccine implications},
	author={Abdool Karim, Salim S and de Oliveira, Tulio},
	journal={New England Journal of Medicine},
	volume={384},
	number={19},
	pages={1866--1868},
	year={2021},
	publisher={Mass Medical Soc}
}
@article{eurosurveillance2021updated,
	title={Updated rapid risk assessment from {ECDC} on the risk related to the spread of new {SARS-CoV-2} variants of concern in the {EU/EEA}--first update},
	author={Eurosurveillance},
	journal={Eurosurveillance},
	volume={26},
	number={3},
	pages={2101211},
	year={2021},
	publisher={European Centre for Disease Prevention and Control}
}
@article{mascola2021sars,
	title={{SARS-CoV-2} viral variantsâ€”tackling a moving target},
	author={Mascola, John R and Graham, Barney S and Fauci, Anthony S},
	journal={Jama},
	volume={325},
	number={13},
	pages={1261--1262},
	year={2021},
	publisher={American Medical Association}
}
@article{rambaut2020dynamic,
	title={A dynamic nomenclature proposal for {SARS-CoV-2} lineages to assist genomic epidemiology},
	author={Rambaut, Andrew and Holmes, Edward C and Oâ€™Toole, {\'A}ine and Hill, Verity and McCrone, John T and Ruis, Christopher and du Plessis, Louis and Pybus, Oliver G},
	journal={Nature Microbiology},
	volume={5},
	number={11},
	pages={1403--1407},
	year={2020},
	publisher={Nature Publishing Group}
}

@online{cdc, 
	author = {CDC},
	title = {{SARS-CoV-2} variant classifications and definitions},
	year = {2021},
	url = {https://www.cdc.gov/coronavirus/2019-ncov/variants/variant-info.html},
	urldate = {2020-29-07}
}
@article{plante2021spike,
	title={Spike mutation {D614G} alters {SARS-CoV-2} fitness},
	author={Plante, Jessica A and Liu, Yang and Liu, Jianying and Xia, Hongjie and Johnson, Bryan A and Lokugamage, Kumari G and Zhang, Xianwen and Muruato, Antonio E and Zou, Jing and Fontes-Garfias, Camila R and others},
	journal={Nature},
	volume={592},
	number={7852},
	pages={116--121},
	year={2021},
	publisher={Nature Publishing Group}
}
@article{tegally2021detection,
	title={Detection of a {SARS-CoV-2} variant of concern in {S}outh {A}frica},
	author={Tegally, Houriiyah and Wilkinson, Eduan and Giovanetti, Marta and Iranzadeh, Arash and Fonseca, Vagner and Giandhari, Jennifer and Doolabh, Deelan and Pillay, Sureshnee and San, Emmanuel James and Msomi, Nokukhanya and others},
	journal={Nature},
	volume={592},
	number={7854},
	pages={438--443},
	year={2021},
	publisher={Nature Publishing Group}
}
@article{faria2021genomics,
	title={Genomics and epidemiology of the {P}.1 {SARS-CoV-2} lineage in {M}anaus, {B}razil},
	author={Faria, Nuno R and Mellan, Thomas A and Whittaker, Charles and Claro, Ingra M and Candido, Darlan da S and Mishra, Swapnil and Crispim, Myuki AE and Sales, Flavia CS and Hawryluk, Iwona and McCrone, John T and others},
	journal={Science},
	volume={372},
	number={6544},
	pages={815--821},
	year={2021},
	publisher={American Association for the Advancement of Science}
}
@article{nelson2021molecular,
	title={Molecular dynamic simulation reveals {E484K} mutation enhances spike {RBD-ACE2} affinity and the combination of {E484K}, {K417N} and {N501Y} mutations ({501Y.V2} variant) induces conformational change greater than {N501Y} mutant alone, potentially resulting in an escape mutant},
	author={Nelson, Gard and Buzko, Oleksandr and Spilman, Patricia R and Niazi, Kayvan and Rabizadeh, Shahrooz and Soon-Shiong, Patrick R},
	journal={BioRxiv},
	year={2021},
	publisher={Cold Spring Harbor Laboratory}
}
@article{lopez2021effectiveness,
	title={Effectiveness of {COVID}-19 vaccines against the {B}.1.617.2 ({D}elta) variant},
	author={Lopez Bernal, Jamie and Andrews, Nick and Gower, Charlotte and Gallagher, Eileen and Simmons, Ruth and Thelwall, Simon and Stowe, Julia and Tessier, Elise and Groves, Natalie and Dabrera, Gavin and others},
	journal={New England Journal of Medicine},
	year={2021},
	publisher={Mass Medical Soc}
}
@article{duchene2020temporal,
	title={Temporal signal and the phylodynamic threshold of {SARS-CoV-2}},
	author={Duchene, Sebastian and Featherstone, Leo and Haritopoulou-Sinanidou, Melina and Rambaut, Andrew and Lemey, Philippe and Baele, Guy},
	journal={Virus Evolution},
	volume={6},
	number={2},
	pages={veaa061},
	year={2020},
	publisher={Oxford University Press}
}
@article{belshaw2011viral,
	title={Viral mutation and substitution: units and levels},
	author={Belshaw, Robert and Sanju{\'a}n, Rafael and Pybus, Oliver G},
	journal={Current Opinion in Virology},
	volume={1},
	number={5},
	pages={430--435},
	year={2011},
	publisher={Elsevier}
}
@article{wertheim2018maintenance,
	title={Maintenance and reappearance of extremely divergent intra-host {HIV}-1 variants},
	author={Wertheim, Joel O and Oster, Alexandra M and Murrell, Ben and Saduvala, Neeraja and Heneine, Walid and Switzer, William M and Johnson, Jeffrey A},
	journal={Virus Evolution},
	volume={4},
	number={2},
	pages={vey030},
	year={2018},
	publisher={Oxford University Press}
}

@article{hadfield2018nextstrain,
	title={Nextstrain: real-time tracking of pathogen evolution},
	author={Hadfield, James and Megill, Colin and Bell, Sidney M and Huddleston, John and Potter, Barney and Callender, Charlton and Sagulenko, Pavel and Bedford, Trevor and Neher, Richard A},
	journal={Bioinformatics},
	volume={34},
	number={23},
	pages={4121--4123},
	year={2018},
	publisher={Oxford University Press}
}
@article{katoh2013mafft,
	title={{MAFFT} multiple sequence alignment software version 7: improvements in performance and usability},
	author={Katoh, Kazutaka and Standley, Daron M},
	journal={Molecular Biology and Evolution},
	volume={30},
	number={4},
	pages={772--780},
	year={2013},
	publisher={Society for Molecular Biology and Evolution}
}
@article{minh2020iq,
	title={{IQ-TREE} 2: new models and efficient methods for phylogenetic inference in the genomic era},
	author={Minh, Bui Quang and Schmidt, Heiko A and Chernomor, Olga and Schrempf, Dominik and Woodhams, Michael D and Von Haeseler, Arndt and Lanfear, Robert},
	journal={Molecular Biology and Evolution},
	volume={37},
	number={5},
	pages={1530--1534},
	year={2020},
	publisher={Oxford University Press}
}
@article{anisimova2011survey,
	title={Survey of branch support methods demonstrates accuracy, power, and robustness of fast likelihood-based approximation schemes},
	author={Anisimova, Maria and Gil, Manuel and Dufayard, Jean-Fran{\c{c}}ois and Dessimoz, Christophe and Gascuel, Olivier},
	journal={Systematic Biology},
	volume={60},
	number={5},
	pages={685--699},
	year={2011},
	publisher={Oxford University Press}
}
@article{ho2015simulating,
	title={Simulating and detecting autocorrelation of molecular evolutionary rates among lineages},
	author={Ho, Simon YW and Duch{\^e}ne, Sebasti{\'a}n and Duch{\^e}ne, David},
	journal={Molecular Ecology Resources},
	volume={15},
	number={4},
	pages={688--696},
	year={2015},
	publisher={Wiley Online Library}
}
@article{shu2017gisaid,
	title={{GISAID}: Global initiative on sharing all influenza data--from vision to reality},
	author={Shu, Yuelong and McCauley, John},
	journal={Eurosurveillance},
	volume={22},
	number={13},
	pages={30494},
	year={2017},
	publisher={European Centre for Disease Prevention and Control}
}
@article{elbe2017data,
	title={Data, disease and diplomacy: {GISAID}'s innovative contribution to global health},
	author={Elbe, Stefan and Buckland-Merrett, Gemma},
	journal={Global Challenges},
	volume={1},
	number={1},
	pages={33--46},
	year={2017},
	publisher={Wiley Online Library}
}
@article{maclean2021natural,
	title={Natural selection in the evolution of {SARS-CoV-2} in bats created a generalist virus and highly capable human pathogen},
	author={MacLean, Oscar A and Lytras, Spyros and Weaver, Steven and Singer, Joshua B and Boni, Maciej F and Lemey, Philippe and Kosakovsky Pond, Sergei L and Robertson, David L},
	journal={PLoS Biology},
	volume={19},
	number={3},
	pages={e3001115},
	year={2021},
	publisher={Public Library of Science San Francisco, CA USA}
}

@article{xue2017parallel,
	title={Parallel evolution of influenza across multiple spatiotemporal scales},
	author={Xue, Katherine S and Stevens-Ayers, Terry and Campbell, Angela P and Englund, Janet A and Pergam, Steven A and Boeckh, Michael and Bloom, Jesse D},
	journal={Elife},
	volume={6},
	pages={e26875},
	year={2017},
	publisher={eLife Sciences Publications Limited}
}
@article{harvey2021sars,
	title={{SARS-CoV-2} variants, spike mutations and immune escape},
	author={Harvey, William T and Carabelli, Alessandro M and Jackson, Ben and Gupta, Ravindra K and Thomson, Emma C and Harrison, Ewan M and Ludden, Catherine and Reeve, Richard and Rambaut, Andrew and Peacock, Sharon J and others},
	journal={Nature Reviews Microbiology},
	volume={19},
	number={7},
	pages={409--424},
	year={2021},
	publisher={Nature Publishing Group}
}
@article{xie2011improving,
  title={Improving marginal likelihood estimation for {B}ayesian phylogenetic model selection},
  author={Xie, Wangang and Lewis, Paul O and Fan, Yu and Kuo, Lynn and Chen, Ming-Hui},
  journal={Systematic Biology},
  volume={60},
  number={2},
  pages={150--160},
  year={2011},
  publisher={Oxford University Press}
}
@article{gelman1998simulating,
  title={Simulating normalizing constants: From importance sampling to bridge sampling to path sampling},
  author={Gelman, Andrew and Meng, Xiao-Li},
  journal={Statistical Science},
  pages={163--185},
  year={1998},
  publisher={JSTOR}
}
@article{baele2013make,
  title={Make the most of your samples: {B}ayes factor estimators for high-dimensional models of sequence evolution},
  author={Baele, Guy and Lemey, Philippe and Vansteelandt, Stijn},
  journal={BMC Bioinformatics},
  volume={14},
  number={1},
  pages={1--18},
  year={2013},
  publisher={Springer}
}
@article{baele2013proper,
    author = {Baele, Guy and Li, Wai Lok Sibon and Drummond, Alexei J. and Suchard, Marc A. and Lemey, Philippe},
    title = "{Accurate model selection of relaxed molecular clocks in {B}ayesian phylogenetics}",
    journal = {Molecular Biology and Evolution},
    volume = {30},
    number = {2},
    pages = {239-243},
    year = {2013},
    month = {10},
    issn = {0737-4038},
    doi = {10.1093/molbev/mss243},
    url = {https://doi.org/10.1093/molbev/mss243},
    eprint = {https://academic.oup.com/mbe/article-pdf/30/2/239/24231537/mss243.pdf},
}
@article{baele2012improving,
  title={Improving the accuracy of demographic and molecular clock model comparison while accommodating phylogenetic uncertainty},
  author={Baele, Guy and Lemey, Philippe and Bedford, Trevor and Rambaut, Andrew and Suchard, Marc A and Alekseyenko, Alexander V},
  journal={Molecular Biology and Evolution},
  volume={29},
  number={9},
  pages={2157--2167},
  year={2012},
  publisher={Oxford University Press}
}
@incollection{baele2014bayesian,
  title={Bayesian model selection in phylogenetics and genealogy-based population genetics},
  author={Baele, Guy and Lemey, Philippe},
  booktitle={Bayesian phylogenetics, methods, algorithms, and applications},
  editor={Chen, MH and Kuo L and Lewis PO},
  address={Boca Raton (Florida)},
  pages={59--93},
  chapter={4},
  year={2014},
  publisher={CPC Press}
}
@article{lartillot2006computing,
  title={Computing Bayes factors using thermodynamic integration},
  author={Lartillot, Nicolas and Philippe, Herv{\'e}},
  journal={Systematic Biology},
  volume={55},
  number={2},
  pages={195--207},
  year={2006},
  publisher={Oxford University Press}
}
@article{ritchie2017impact,
  title={The impact of the tree prior on molecular dating of data sets containing a mixture of inter-and intraspecies sampling},
  author={Ritchie, Andrew M and Lo, Nathan and Ho, Simon YW},
  journal={Systematic Biology},
  volume={66},
  number={3},
  pages={413--425},
  year={2017},
  publisher={Oxford University Press}
}

@article{konings2021sars,
  title={{SARS-CoV-2} variants of interest and concern naming scheme conducive for global discourse},
  author={Konings, Frank and Perkins, Mark D and Kuhn, Jens H and Pallen, Mark J and Alm, Erik J and Archer, Brett N and Barakat, Amal and Bedford, Trevor and Bhiman, Jinal N and Caly, Leon and others},
  journal={Nature Microbiology},
  pages={1--3},
  year={2021},
  publisher={Nature Publishing Group}
}

@article{markov2023evolution,
	title={The evolution of {SARS-CoV-2}},
	author={Markov, Peter V and Ghafari, Mahan and Beer, Martin and Lythgoe, Katrina and Simmonds, Peter and Stilianakis, Nikolaos I and Katzourakis, Aris},
	journal={Nature Reviews Microbiology},
	pages={1--19},
	year={2023},
	publisher={Nature Publishing Group UK London}
}

@article{simon2005natural,
	title={Natural variation in {V}if: differential impact on {APOBEC3G/3F} and a potential role in {HIV}-1 diversification},
	author={Simon, Viviana and Zennou, Veronique and Murray, Deya and Huang, Yaoxing and Ho, David D and Bieniasz, Paul D},
	journal={PLoS Pathogens},
	volume={1},
	number={1},
	pages={e6},
	year={2005},
	publisher={Public Library of Science San Francisco, USA}
}

@article{cohen2015evolution,
	title={Evolution of extensively drug-resistant tuberculosis over four decades: whole genome sequencing and dating analysis of {M}ycobacterium tuberculosis isolates from {K}wa{Z}ulu-{N}atal},
	author={Cohen, Keira A and Abeel, Thomas and Manson McGuire, Abigail and Desjardins, Christopher A and Munsamy, Vanisha and Shea, Terrance P and Walker, Bruce J and Bantubani, Nonkqubela and Almeida, Deepak V and Alvarado, Lucia and others},
	journal={PLoS Medicine},
	volume={12},
	number={9},
	pages={e1001880},
	year={2015},
	publisher={Public Library of Science San Francisco, CA USA}
}

@article{van2021bayesian,
	title={Bayesian statistics and modelling},
	author={van de Schoot, Rens and Depaoli, Sarah and King, Ruth and Kramer, Bianca and M{\"a}rtens, Kaspar and Tadesse, Mahlet G and Vannucci, Marina and Gelman, Andrew and Veen, Duco and Willemsen, Joukje and others},
	journal={Nature Reviews Methods Primers},
	volume={1},
	number={1},
	pages={1},
	year={2021},
	publisher={Nature Publishing Group UK London}
}

@article{li2012,
    author = {Li, Wai Lok Sibon and Drummond, Alexei J.},
    title = "{Model averaging and {B}ayes factor calculation of relaxed molecular clocks in {B}ayesian phylogenetics}",
    journal = {Molecular Biology and Evolution},
    volume = {29},
    number = {2},
    pages = {751-761},
    year = {2011},
    month = {09},
    abstract = "{We describe a procedure for model averaging of relaxed molecular clock models in Bayesian phylogenetics. Our approach allows us to model the distribution of rates of substitution across branches, averaged over a set of models, rather than conditioned on a single model. We implement this procedure and test it on simulated data to show that our method can accurately recover the true underlying distribution of rates. We applied the method to a set of alignments taken from a data set of 12 mammalian species and uncovered evidence that lognormally distributed rates better describe this data set than do exponentially distributed rates. Additionally, our implementation of model averaging permits accurate calculation of the Bayes factor(s) between two or more relaxed molecular clock models. Finally, we introduce a new computational approach for sampling rates of substitution across branches that improves the convergence of our Markov chain Monte Carlo algorithms in this context. Our methods are implemented under the BEAST 1.6 software package, available at http://beast-mcmc.googlecode.com.}",
    issn = {0737-4038},
    doi = {10.1093/molbev/msr232},
    url = {https://doi.org/10.1093/molbev/msr232},
    eprint = {https://academic.oup.com/mbe/article-pdf/29/2/751/13648476/msr232.pdf},
}

@Manual{Rlang,
	title = {R: A Language and Environment for Statistical Computing},
	author = {{R Core Team}},
	organization = {R Foundation for Statistical Computing},
	address = {Vienna, Austria},
	year = {2018},
	url = {https://www.R-project.org/},
}

@article{martin2021emergence,
	title={The emergence and ongoing convergent evolution of the {SARS-CoV-2} {N501Y} lineages},
	author={Martin, Darren P and Weaver, Steven and Tegally, Houriiyah and San, James Emmanuel and Shank, Stephen D and Wilkinson, Eduan and Lucaci, Alexander G and Giandhari, Jennifer and Naidoo, Sureshnee and Pillay, Yeshnee and others},
	journal={Cell},
	volume={184},
	number={20},
	pages={5189--5200},
	year={2021},
	publisher={Elsevier}
}
